<record><leader>00000cas a22000007a 4500</leader><controlfield tag="001">34773156</controlfield><controlfield tag="008">960522d19751984cauwr ne      0    0eng d</controlfield><datafield ind1=" " ind2=" " tag="010"><subfield code="a">sn 96062723 </subfield></datafield><datafield ind1=" " ind2=" " tag="040"><subfield code="a">CNK</subfield><subfield code="b">eng</subfield><subfield code="c">CNK</subfield><subfield code="d">OCLCQ</subfield><subfield code="d">OCLCF</subfield><subfield code="d">OCLCO</subfield></datafield><datafield ind1="1" ind2=" " tag="029"><subfield code="a">AU@</subfield><subfield code="b">000012500780</subfield></datafield><datafield ind1=" " ind2=" " tag="042"><subfield code="a">msc</subfield></datafield><datafield ind1=" " ind2=" " tag="043"><subfield code="a">n-us-ca</subfield></datafield><datafield ind1="0" ind2="0" tag="245"><subfield code="a">Bellflower herald American.</subfield></datafield><datafield ind1="3" ind2=" " tag="246"><subfield code="a">Herald American</subfield></datafield><datafield ind1="3" ind2=" " tag="246"><subfield code="a">Southeast news signal</subfield></datafield><datafield ind1=" " ind2=" " tag="260"><subfield code="a">Bellflower, Calif. :</subfield><subfield code="b">Charles Aydelotte</subfield></datafield><datafield ind1=" " ind2=" " tag="300"><subfield code="a">v.</subfield></datafield><datafield ind1=" " ind2=" " tag="310"><subfield code="a">Weekly,</subfield><subfield code="b">May 3-Oct. 25, 1984</subfield></datafield><datafield ind1=" " ind2=" " tag="321"><subfield code="a">Semiweekly,</subfield><subfield code="b">May 15, 1975-Apr. 26, 1984</subfield></datafield><datafield ind1="0" ind2=" " tag="362"><subfield code="a">63rd year, issue 39 (May 15, 1975)-72nd year, issue 59 (Oct. 25, 1984).</subfield></datafield><datafield ind1=" " ind2=" " tag="500"><subfield code="a">"Bellflower" appears in small print above "Herald American."</subfield></datafield><datafield ind1=" " ind2=" " tag="500"><subfield code="a">Occasionally has second masthead, with its own numbering: Southeast news signal (Daily Southeast news and Downey champion ed.), &lt;1984&gt;</subfield></datafield><datafield ind1=" " ind2=" " tag="580"><subfield code="a">Published in several local editions.</subfield></datafield><datafield ind1=" " ind2="0" tag="651"><subfield code="a">Bellflower (Calif.)</subfield><subfield code="v">Newspapers.</subfield></datafield><datafield ind1=" " ind2="7" tag="655"><subfield code="a">Newspapers.</subfield><subfield code="2">fast</subfield><subfield code="0">(OCoLC)fst01423814</subfield></datafield><datafield ind1=" " ind2="7" tag="651"><subfield code="a">California</subfield><subfield code="z">Bellflower.</subfield><subfield code="2">fast</subfield><subfield code="0">(OCoLC)fst01217476</subfield></datafield><datafield ind1=" " ind2=" " tag="752"><subfield code="a">United States</subfield><subfield code="b">California</subfield><subfield code="c">Los Angeles</subfield><subfield code="d">Bellflower.</subfield></datafield><datafield ind1="0" ind2="0" tag="780"><subfield code="t">Bellflower call-enterprise</subfield><subfield code="w">(DLC)sn 96062722</subfield></datafield><datafield ind1="0" ind2="7" tag="785"><subfield code="t">Paramount herald American</subfield><subfield code="w">(DLC)sn 96062720</subfield></datafield><datafield ind1="0" ind2="7" tag="785"><subfield code="t">Bellflower/Paramount herald American</subfield><subfield code="w">(DLC)sn 96062724</subfield></datafield></record>